%!TEX root = tfg.tex

@misc{wiki:Videojuego,
   author = "Wikipedia",
   title = "{Videojuego} --- {W}ikipedia{,} The Free Encyclopedia",
   year = "2024",
   howpublished = {\url{http://es.wikipedia.org/w/index.php?title=Videojuego&oldid=161053303}},
   note = "[Online; accessed 07-July-2024]"
 }